<record><leader>00000cas a2200000 a 4500</leader><controlfield tag="001">11182048</controlfield><controlfield tag="008">840921d18571869ksuwr ne      0   a0eng c</controlfield><datafield ind1=" " ind2=" " tag="010"><subfield code="a">sn 84029655 </subfield></datafield><datafield ind1=" " ind2=" " tag="040"><subfield code="a">KSH</subfield><subfield code="b">eng</subfield><subfield code="c">KSH</subfield><subfield code="d">NPT</subfield><subfield code="d">DLC</subfield><subfield code="d">ANU</subfield><subfield code="d">CNK</subfield><subfield code="d">OBN</subfield><subfield code="d">OCL</subfield><subfield code="d">CVF</subfield><subfield code="d">NVF</subfield><subfield code="d">OCL</subfield><subfield code="d">DLC</subfield><subfield code="d">KRTAS</subfield><subfield code="d">UKMGB</subfield><subfield code="d">OCLCQ</subfield><subfield code="d">OCLCF</subfield><subfield code="d">OCLCO</subfield><subfield code="d">OCLCA</subfield></datafield><datafield ind1="7" ind2=" " tag="016"><subfield code="a">013917901</subfield><subfield code="2">Uk</subfield></datafield><datafield ind1=" " ind2=" " tag="042"><subfield code="a">pcc</subfield></datafield><datafield ind1=" " ind2=" " tag="043"><subfield code="a">n-us-ks</subfield></datafield><datafield ind1="0" ind2="0" tag="050"><subfield code="a">Newspaper 7830</subfield></datafield><datafield ind1="0" ind2=" " tag="130"><subfield code="a">Lawrence Republican (Lawrence, Kan. : 1857)</subfield></datafield><datafield ind1="1" ind2="0" tag="245"><subfield code="a">Lawrence Republican.</subfield></datafield><datafield ind1="1" ind2="3" tag="246"><subfield code="a">Republican</subfield></datafield><datafield ind1=" " ind2=" " tag="260"><subfield code="a">Lawrence, Kan. :</subfield><subfield code="b">Norman Allen,</subfield><subfield code="c">1857-</subfield></datafield><datafield ind1=" " ind2=" " tag="300"><subfield code="a">v.</subfield></datafield><datafield ind1=" " ind2=" " tag="310"><subfield code="a">Weekly</subfield></datafield><datafield ind1="0" ind2=" " tag="362"><subfield code="a">Vol. 1, no. 1 (May 28, 1857)-</subfield></datafield><datafield ind1="1" ind2=" " tag="362"><subfield code="a">Ceased in Feb. 1869.</subfield></datafield><datafield ind1=" " ind2=" " tag="500"><subfield code="a">Extra ed. issued Apr. 8, 1858 called: Constitution of the State of Kan.</subfield></datafield><datafield ind1=" " ind2=" " tag="515"><subfield code="a">Suspended from Aug. 21, 1863-1868.</subfield></datafield><datafield ind1=" " ind2=" " tag="530"><subfield code="a">Also issued on microfilm from Recordak Corp.</subfield></datafield><datafield ind1=" " ind2=" " tag="580"><subfield code="a">Merged with: Kansas State journal, Daily Kansas State journal, and Western home journal (Ottawa, Kan.) to form: Republican daily journal and; Western home journal.</subfield></datafield><datafield ind1=" " ind2="0" tag="651"><subfield code="a">Lawrence (Kan.)</subfield><subfield code="v">Newspapers.</subfield></datafield><datafield ind1=" " ind2="0" tag="651"><subfield code="a">Douglas County (Kan.)</subfield><subfield code="v">Newspapers.</subfield></datafield><datafield ind1=" " ind2="7" tag="655"><subfield code="a">Newspapers.</subfield><subfield code="2">fast</subfield><subfield code="0">(OCoLC)fst01423814</subfield></datafield><datafield ind1=" " ind2="7" tag="651"><subfield code="a">Kansas</subfield><subfield code="z">Douglas County.</subfield><subfield code="2">fast</subfield><subfield code="0">(OCoLC)fst01215492</subfield></datafield><datafield ind1=" " ind2="7" tag="651"><subfield code="a">Kansas</subfield><subfield code="z">Lawrence.</subfield><subfield code="2">fast</subfield><subfield code="0">(OCoLC)fst01212060</subfield></datafield><datafield ind1=" " ind2=" " tag="752"><subfield code="a">United States</subfield><subfield code="b">Kansas</subfield><subfield code="c">Douglas</subfield><subfield code="d">Lawrence.</subfield></datafield><datafield ind1="0" ind2="7" tag="785"><subfield code="t">Kansas State journal</subfield><subfield code="w">(DLC)sn 84029579</subfield></datafield><datafield ind1="0" ind2="7" tag="785"><subfield code="t">Daily Kansas State journal</subfield><subfield code="w">(DLC)sn 82003370</subfield><subfield code="w">(OCoLC)8801004</subfield></datafield><datafield ind1="0" ind2="7" tag="785"><subfield code="t">Western home journal (Ottawa, Kan.)</subfield><subfield code="w">(DLC)sn 84029889</subfield></datafield><datafield ind1="0" ind2="7" tag="785"><subfield code="t">Republican daily journal</subfield><subfield code="w">(DLC)sn 82003371</subfield><subfield code="w">(OCoLC)8801191</subfield></datafield><datafield ind1="0" ind2="7" tag="785"><subfield code="t">Western home journal</subfield><subfield code="w">(DLC)sn 82014062</subfield></datafield><datafield ind1=" " ind2=" " tag="938"><subfield code="a">Kirtas Technologies, Inc.</subfield><subfield code="b">KRTS</subfield><subfield code="n">738782</subfield></datafield></record>